@article{DeSutter:2005:LBR:1086642.1086645,
 author = {De Sutter, Bjorn and De Bus, Bruno and De Bosschere, Koen},
 title = {Link-time binary rewriting techniques for program compaction},
 journal = {ACM Trans. Program. Lang. Syst.},
 issue_date = {September 2005},
 volume = {27},
 issue = {5},
 month = {September},
 year = {2005},
 issn = {0164-0925},
 pages = {882--945},
 numpages = {64},
 url = {http://doi.acm.org/10.1145/1086642.1086645},
 doi = {http://doi.acm.org/10.1145/1086642.1086645},
 acmid = {1086645},
 publisher = {ACM},
 address = {New York, NY, USA},
 keywords = {Program representation, binary rewriting, code abstraction, compaction, interprocedural analysis, linker, whole-program optimization},
} 

@inproceedings{Nethercote:2007:VFH:1250734.1250746,
 author = {Nethercote, Nicholas and Seward, Julian},
 title = {Valgrind: a framework for heavyweight dynamic binary instrumentation},
 booktitle = {Proceedings of the 2007 ACM SIGPLAN conference on Programming language design and implementation},
 series = {PLDI '07},
 year = {2007},
 isbn = {978-1-59593-633-2},
 location = {San Diego, California, USA},
 pages = {89--100},
 numpages = {12},
 url = {http://doi.acm.org/10.1145/1250734.1250746},
 doi = {http://doi.acm.org/10.1145/1250734.1250746},
 acmid = {1250746},
 publisher = {ACM},
 address = {New York, NY, USA},
 keywords = {Memcheck, Valgrind, dynamic binary analysis, dynamic binary instrumentation, shadow values},
} 

@techreport{Berger:1999:HFS:899944,
 author = {Berger, Emery D. and Blumofe, Robert D.},
 title = {Hoard: A Fast, Scalable, and Memory-Efficient Allocator for Shared-MemoryMultiprocessors},
 year = {1999},
 source = {http://www.ncstrl.org:8900/ncstrl/servlet/search?formname=detail\&id=oai%3Ancstrlh%3Autexas_cs%3AUTEXAS_CS%2F%2FCS-TR-99-22},
 publisher = {University of Texas at Austin},
 address = {Austin, TX, USA},
} 

@article{Berger:2000:HSM:356989.357000,
 author = {Berger, Emery D. and McKinley, Kathryn S. and Blumofe, Robert D. and Wilson, Paul R.},
 title = {Hoard: a scalable memory allocator for multithreaded applications},
 journal = {SIGPLAN Not.},
 volume = {35},
 issue = {11},
 month = {November},
 year = {2000},
 issn = {0362-1340},
 pages = {117--128},
 numpages = {12},
 url = {http://doi.acm.org/10.1145/356989.357000},
 doi = {http://doi.acm.org/10.1145/356989.357000},
 acmid = {357000},
 publisher = {ACM},
 address = {New York, NY, USA},
} 

@inproceedings{Radovic:2001:ROS:582034.582090,
 author = {Radovi\'{c}, Zoran and Hagersten, Erik},
 title = {Removing the overhead from software-based shared memory},
 booktitle = {Proceedings of the 2001 ACM/IEEE conference on Supercomputing (CDROM)},
 series = {Supercomputing '01},
 year = {2001},
 isbn = {1-58113-293-X},
 location = {Denver, Colorado},
 pages = {56--56},
 numpages = {1},
 url = {http://doi.acm.org/10.1145/582034.582090},
 doi = {http://doi.acm.org/10.1145/582034.582090},
 acmid = {582090},
 publisher = {ACM},
 address = {New York, NY, USA},
} 

@article{Eskicioglu:1996:CBD:218646.218651,
 author = {Eskicioglu, M. Rasit},
 title = {A comprehensive bibliography of distributed shared memory},
 journal = {SIGOPS Oper. Syst. Rev.},
 volume = {30},
 issue = {1},
 month = {January},
 year = {1996},
 issn = {0163-5980},
 pages = {71--96},
 numpages = {26},
 url = {http://doi.acm.org/10.1145/218646.218651},
 doi = {http://doi.acm.org/10.1145/218646.218651},
 acmid = {218651},
 publisher = {ACM},
 address = {New York, NY, USA},
} 

@inproceedings{Mellor-Crummey:1991:SWC:106972.106999,
 author = {Mellor-Crummey, John M. and Scott, Michael L.},
 title = {Synchronization without contention},
 booktitle = {Proceedings of the fourth international conference on Architectural support for programming languages and operating systems},
 series = {ASPLOS-IV},
 year = {1991},
 isbn = {0-89791-380-9},
 location = {Santa Clara, California, United States},
 pages = {269--278},
 numpages = {10},
 url = {http://doi.acm.org/10.1145/106972.106999},
 doi = {http://doi.acm.org/10.1145/106972.106999},
 acmid = {106999},
 publisher = {ACM},
 address = {New York, NY, USA},
} 

@article{Mellor-Crummey:1991:ASS:103727.103729,
 author = {Mellor-Crummey, John M. and Scott, Michael L.},
 title = {Algorithms for scalable synchronization on shared-memory multiprocessors},
 journal = {ACM Trans. Comput. Syst.},
 volume = {9},
 issue = {1},
 month = {February},
 year = {1991},
 issn = {0734-2071},
 pages = {21--65},
 numpages = {45},
 url = {http://doi.acm.org/10.1145/103727.103729},
 doi = {http://doi.acm.org/10.1145/103727.103729},
 acmid = {103729},
 publisher = {ACM},
 address = {New York, NY, USA},
} 

@article{Yew:1987:DHA:32387.32388,
 author = {Yew, P.-C. and Tzeng, N.-F. and Lawrie, D. H.},
 title = {Distributing Hot-Spot Addressing in Large-Scale Multiprocessors},
 journal = {IEEE Trans. Comput.},
 issue_date = {April 1987},
 volume = {36},
 issue = {4},
 month = {April},
 year = {1987},
 issn = {0018-9340},
 pages = {388--395},
 numpages = {8},
 url = {http://dx.doi.org/10.1109/TC.1987.1676921},
 doi = {http://dx.doi.org/10.1109/TC.1987.1676921},
 acmid = {32388},
 publisher = {IEEE Computer Society},
 address = {Washington, DC, USA},
 keywords = {synchronization, Combining networks, hot-spot memory, memory bandwidth, memory contention, software combining tree},
} 

@article{Dandamudi:1999:RHC:614064.614139,
 author = {Dandamudi, Sivarama P.},
 title = {Reducing Hot-Spot Contention in Shared-Memory Multiprocessor Systems},
 journal = {IEEE Concurrency},
 volume = {7},
 issue = {1},
 month = {January},
 year = {1999},
 issn = {1092-3063},
 pages = {48--59},
 numpages = {12},
 url = {http://dl.acm.org/citation.cfm?id=614064.614139},
 doi = {10.1109/4434.749135},
 acmid = {614139},
 publisher = {IEEE Educational Activities Department},
 address = {Piscataway, NJ, USA},
} 

@techreport{Bianchini:1993:AMC:898341,
 author = {Bianchini, Ricardo and Crovella, Mark E. and Kontothanassis, Leonidas and LeBlanc, Thomas J.},
 title = {Alleviating Memory Contention in Matrix Computations on Large-Scale Shared-Memory Multiprocessors},
 year = {1993},
 source = {http://www.ncstrl.org:8900/ncstrl/servlet/search?formname=detail\&id=oai%3Ancstrlh%3Arochester_cs%3Ancstrl.rochester_cs%2F%2FTR449},
 publisher = {University of Rochester},
 address = {Rochester, NY, USA},
} 

@techreport{Singh:1992:SSP:891382,
 author = {Singh, Jaswinder P and Weber, Wolf and Gupta, Anoop},
 title = {SPLASH: Stanford parallel applications for shared-memory*},
 year = {1992},
 source = {http://www.ncstrl.org:8900/ncstrl/servlet/search?formname=detail\&id=oai%3Ancstrlh%3Astan%3ASTAN%2F%2FCSL-TR-92-526},
 publisher = {Stanford University},
 address = {Stanford, CA, USA},
} 

@inproceedings{Lara:2000:ECS:648049.746036,
 author = {Lara, Eyal de and Hu, Y. Charlie and Lu, Honghui and Cox, Alan L. and Zwaenepoel, Willy},
 title = {The Efeect of Contention on the Scalability of Page-Based Software Shared Memory Systems},
 booktitle = {Selected Papers from the 5th International Workshop on Languages, Compilers, and Run-Time Systems for Scalable Computers},
 series = {LCR '00},
 year = {2000},
 isbn = {3-540-41185-2},
 pages = {155--169},
 numpages = {15},
 url = {http://dl.acm.org/citation.cfm?id=648049.746036},
 acmid = {746036},
 publisher = {Springer-Verlag},
 address = {London, UK},
} 

@inproceedings{Scales:1996:SLO:237090.237179,
 author = {Scales, Daniel J. and Gharachorloo, Kourosh and Thekkath, Chandramohan A.},
 title = {Shasta: a low overhead, software-only approach for supporting fine-grain shared memory},
 booktitle = {Proceedings of the seventh international conference on Architectural support for programming languages and operating systems},
 series = {ASPLOS-VII},
 year = {1996},
 isbn = {0-89791-767-7},
 location = {Cambridge, Massachusetts, United States},
 pages = {174--185},
 numpages = {12},
 url = {http://doi.acm.org/10.1145/237090.237179},
 doi = {http://doi.acm.org/10.1145/237090.237179},
 acmid = {237179},
 publisher = {ACM},
 address = {New York, NY, USA},
} 

@article{Steinke:2004:UTS:1017460.1017464,
 author = {Steinke, Robert C. and Nutt, Gary J.},
 title = {A unified theory of shared memory consistency},
 journal = {J. ACM},
 volume = {51},
 issue = {5},
 month = {September},
 year = {2004},
 issn = {0004-5411},
 pages = {800--849},
 numpages = {50},
 url = {http://doi.acm.org/10.1145/1017460.1017464},
 doi = {http://doi.acm.org/10.1145/1017460.1017464},
 acmid = {1017464},
 publisher = {ACM},
 address = {New York, NY, USA},
 keywords = {Distributed shared memory systems, memory consistency model lattice, memory consistency models},
} 

@inproceedings{Jeremiassen:1995:RFS:209936.209955,
 author = {Jeremiassen, Tor E. and Eggers, Susan J.},
 title = {Reducing false sharing on shared memory multiprocessors through compile time data transformations},
 booktitle = {Proceedings of the fifth ACM SIGPLAN symposium on Principles and practice of parallel programming},
 series = {PPOPP '95},
 year = {1995},
 isbn = {0-89791-700-6},
 location = {Santa Barbara, California, United States},
 pages = {179--188},
 numpages = {10},
 url = {http://doi.acm.org/10.1145/209936.209955},
 doi = {http://doi.acm.org/10.1145/209936.209955},
 acmid = {209955},
 publisher = {ACM},
 address = {New York, NY, USA},
} 

@inproceedings{Lu:1995:MPV:224170.224285,
 author = {Lu, Honghui and Dwarkadas, Sandhya and Cox, Alan L. and Zwaenepoel, Willy},
 title = {Message passing versus distributed shared memory on networks of workstations},
 booktitle = {Proceedings of the 1995 ACM/IEEE conference on Supercomputing (CDROM)},
 series = {Supercomputing '95},
 year = {1995},
 isbn = {0-89791-816-9},
 location = {San Diego, California, United States},
 articleno = {37},
 url = {http://doi.acm.org/10.1145/224170.224285},
 doi = {http://doi.acm.org/10.1145/224170.224285},
 acmid = {224285},
 publisher = {ACM},
 address = {New York, NY, USA},
 keywords = {Message passing, Distributed shared memory, Lazy release consistency, PVM, TreadMarks},
} 

@article{Zwaenepoel:1992:MDS:134397.135235,
 author = {Zwaenepoel, Willy and Bennett, John K. and Carter, John B. and Keleher, Pete},
 title = {Munin: distributed shared memory using multi-protocol release consistency},
 journal = {IEEE Comput. Soc. Tech. Comm. Newsl. Oper. Syst. Appl. Environ.},
 volume = {5},
 issue = {4},
 month = {December},
 year = {1992},
 pages = {11--},
 url = {http://dl.acm.org/citation.cfm?id=134397.135235},
 acmid = {135235},
 publisher = {IEEE Computer Society},
 address = {Washington, DC, USA},
} 

@article{Lamport:1978:TCO:359545.359563,
 author = {Lamport, Leslie},
 title = {Ti clocks, and the ordering of events in a distributed system},
 journal = {Commun. ACM},
 volume = {21},
 issue = {7},
 month = {July},
 year = {1978},
 issn = {0001-0782},
 pages = {558--565},
 numpages = {8},
 url = {http://doi.acm.org/10.1145/359545.359563},
 doi = {http://doi.acm.org/10.1145/359545.359563},
 acmid = {359563},
 publisher = {ACM},
 address = {New York, NY, USA},
 keywords = {clock synchronization, computer networks, distributed systems, multiprocess systems},
} 

@inproceedings{Carter:1991:IPM:121132.121159,
 author = {Carter, John B. and Bennett, John K. and Zwaenepoel, Willy},
 title = {Implementation and performance of Munin},
 booktitle = {Proceedings of the thirteenth ACM symposium on Operating systems principles},
 series = {SOSP '91},
 year = {1991},
 isbn = {0-89791-447-3},
 location = {Pacific Grove, California, United States},
 pages = {152--164},
 numpages = {13},
 url = {http://doi.acm.org/10.1145/121132.121159},
 doi = {http://doi.acm.org/10.1145/121132.121159},
 acmid = {121159},
 publisher = {ACM},
 address = {New York, NY, USA},
} 

@inproceedings{Bennett:1990:MDS:99163.99182,
 author = {Bennett, J. K. and Carter, J. B. and Zwaenepoel, W.},
 title = {Munin: distributed shared memory based on type-specific memory coherence},
 booktitle = {Proceedings of the second ACM SIGPLAN symposium on Principles \& practice of parallel programming},
 series = {PPOPP '90},
 year = {1990},
 isbn = {0-89791-350-7},
 location = {Seattle, Washington, United States},
 pages = {168--176},
 numpages = {9},
 url = {http://doi.acm.org/10.1145/99163.99182},
 doi = {http://doi.acm.org/10.1145/99163.99182},
 acmid = {99182},
 publisher = {ACM},
 address = {New York, NY, USA},
} 

@inproceedings{Keleher:1994:TDS:1267074.1267084,
 author = {Keleher, Pete and Cox, Alan L. and Dwarkadas, Sandhya and Zwaenepoel, Willy},
 title = {TreadMarks: distributed shared memory on standard workstations and operating systems},
 booktitle = {Proceedings of the USENIX Winter 1994 Technical Conference on USENIX Winter 1994 Technical Conference},
 year = {1994},
 location = {San Francisco, California},
 pages = {10--10},
 numpages = {1},
 url = {http://dl.acm.org/citation.cfm?id=1267074.1267084},
 acmid = {1267084},
 publisher = {USENIX Association},
 address = {Berkeley, CA, USA},
} 

@article{Amza:1996:TSM:226705.226708,
 author = {Amza, Cristiana and Cox, Alan L. and Dwarkadas, Sandhya and Keleher, Pete and Lu, Honghui and Rajamony, Ramakrishnan and Yu, Weimin and Zwaenepoel, Willy},
 title = {TreadMarks: Shared Memory Computing on Networks of Workstations},
 journal = {Computer},
 volume = {29},
 issue = {2},
 month = {February},
 year = {1996},
 issn = {0018-9162},
 pages = {18--28},
 numpages = {11},
 url = {http://dl.acm.org/citation.cfm?id=226705.226708},
 doi = {10.1109/2.485843},
 acmid = {226708},
 publisher = {IEEE Computer Society Press},
 address = {Los Alamitos, CA, USA},
} 

@article{Nitzberg:1991:DSM:112827.112855,
 author = {Nitzberg, Bill and Lo, Virginia},
 title = {Distributed Shared Memory: A Survey of Issues and Algorithms},
 journal = {Computer},
 volume = {24},
 issue = {8},
 month = {August},
 year = {1991},
 issn = {0018-9162},
 pages = {52--60},
 numpages = {9},
 url = {http://dl.acm.org/citation.cfm?id=112827.112855},
 doi = {10.1109/2.84877},
 acmid = {112855},
 publisher = {IEEE Computer Society Press},
 address = {Los Alamitos, CA, USA},
} 

@article{Lamport:1979:MMC:1311099.1311750,
 author = {Lamport, L.},
 title = {How to Make a Multiprocessor Computer That Correctly Executes Multiprocess Programs},
 journal = {IEEE Trans. Comput.},
 volume = {28},
 issue = {9},
 month = {September},
 year = {1979},
 issn = {0018-9340},
 pages = {690--691},
 numpages = {2},
 url = {http://dx.doi.org/10.1109/TC.1979.1675439},
 doi = {http://dx.doi.org/10.1109/TC.1979.1675439},
 acmid = {1311750},
 publisher = {IEEE Computer Society},
 address = {Washington, DC, USA},
 keywords = {parallel processing, Computer design, concurrent computing, hardware correctness, multiprocessing},
} 

@inproceedings{Keleher:1992:LRC:139669.139676,
 author = {Keleher, Pete and Cox, Alan L. and Zwaenepoel, Willy},
 title = {Lazy release consistency for software distributed shared memory},
 booktitle = {Proceedings of the 19th annual international symposium on Computer architecture},
 series = {ISCA '92},
 year = {1992},
 isbn = {0-89791-509-7},
 location = {Queensland, Australia},
 pages = {13--21},
 numpages = {9},
 url = {http://doi.acm.org/10.1145/139669.139676},
 doi = {http://doi.acm.org/10.1145/139669.139676},
 acmid = {139676},
 publisher = {ACM},
 address = {New York, NY, USA},
} 

@inproceedings{Gharachorloo:1990:MCE:325164.325102,
 author = {Gharachorloo, Kourosh and Lenoski, Daniel and Laudon, James and Gibbons, Phillip and Gupta, Anoop and Hennessy, John},
 title = {Memory consistency and event ordering in scalable shared-memory multiprocessors},
 booktitle = {Proceedings of the 17th annual international symposium on Computer Architecture},
 series = {ISCA '90},
 year = {1990},
 isbn = {0-89791-366-3},
 location = {Seattle, Washington, United States},
 pages = {15--26},
 numpages = {12},
 url = {http://doi.acm.org/10.1145/325164.325102},
 doi = {http://doi.acm.org/10.1145/325164.325102},
 acmid = {325102},
 publisher = {ACM},
 address = {New York, NY, USA},
} 

@inproceedings{Dwarkadas:1993:ERC:165123.165150,
 author = {Dwarkadas, Sandhya and Keleher, Peter and Cox, Alan L. and Zwaenepoel, Willy},
 title = {Evaluation of release consistent software distributed shared memory on emerging network technology},
 booktitle = {Proceedings of the 20th annual international symposium on computer architecture},
 series = {ISCA '93},
 year = {1993},
 isbn = {0-8186-3810-9},
 location = {San Diego, California, United States},
 pages = {144--155},
 numpages = {12},
 url = {http://doi.acm.org/10.1145/165123.165150},
 doi = {http://doi.acm.org/10.1145/165123.165150},
 acmid = {165150},
 publisher = {ACM},
 address = {New York, NY, USA},
} 

@article{Dwork:1997:CSM:268999.269000,
 author = {Dwork, Cynthia and Herlihy, Maurice and Waarts, Orli},
 title = {Contention in shared memory algorithms},
 journal = {J. ACM},
 volume = {44},
 issue = {6},
 month = {November},
 year = {1997},
 issn = {0004-5411},
 pages = {779--805},
 numpages = {27},
 url = {http://doi.acm.org/10.1145/268999.269000},
 doi = {http://doi.acm.org/10.1145/268999.269000},
 acmid = {269000},
 publisher = {ACM},
 address = {New York, NY, USA},
 keywords = {contention, counting networks, mutual exclusion},
} 

@inproceedings{Granston:1993:MPS:165939.165944,
 author = {Granston, Elana D. and Wijshoff, Harry A. G.},
 title = {Managing pages in shared virtual memory systems: getting the compiler into the game},
 booktitle = {Proceedings of the 7th international conference on Supercomputing},
 series = {ICS '93},
 year = {1993},
 isbn = {0-89791-600-X},
 location = {Tokyo, Japan},
 pages = {11--20},
 numpages = {10},
 url = {http://doi.acm.org/10.1145/165939.165944},
 doi = {http://doi.acm.org/10.1145/165939.165944},
 acmid = {165944},
 publisher = {ACM},
 address = {New York, NY, USA},
} 

@article{Li:1989:MCS:75104.75105,
 author = {Li, Kai and Hudak, Paul},
 title = {Memory coherence in shared virtual memory systems},
 journal = {ACM Trans. Comput. Syst.},
 volume = {7},
 issue = {4},
 month = {November},
 year = {1989},
 issn = {0734-2071},
 pages = {321--359},
 numpages = {39},
 url = {http://doi.acm.org/10.1145/75104.75105},
 doi = {http://doi.acm.org/10.1145/75104.75105},
 acmid = {75105},
 publisher = {ACM},
 address = {New York, NY, USA},
} 

@inproceedings{Tallent:2010:ALC:1693453.1693489,
 author = {Tallent, Nathan R. and Mellor-Crummey, John M. and Porterfield, Allan},
 title = {Analyzing lock contention in multithreaded applications},
 booktitle = {Proceedings of the 15th ACM SIGPLAN symposium on Principles and practice of parallel programming},
 series = {PPoPP '10},
 year = {2010},
 isbn = {978-1-60558-877-3},
 location = {Bangalore, India},
 pages = {269--280},
 numpages = {12},
 url = {http://doi.acm.org/10.1145/1693453.1693489},
 doi = {http://doi.acm.org/10.1145/1693453.1693489},
 acmid = {1693489},
 publisher = {ACM},
 address = {New York, NY, USA},
 keywords = {hpctoolkit, lock contention, multithreading, performance analysis},
} 

@article{Protic:1996:DSM:613779.613959,
 author = {Protic, Jelica and Tomasevic, Milo and Milutinovic, Veljko},
 title = {Distributed Shared Memory: Concepts and Systems},
 journal = {IEEE Parallel Distrib. Technol.},
 volume = {4},
 issue = {2},
 month = {June},
 year = {1996},
 issn = {1063-6552},
 pages = {63--79},
 numpages = {17},
 url = {http://dl.acm.org/citation.cfm?id=613779.613959},
 doi = {10.1109/88.494605},
 acmid = {613959},
 publisher = {IEEE Computer Society Press},
 address = {Los Alamitos, CA, USA},
} 

@inproceedings{Berger:2001:CHM:378795.378821,
 author = {Berger, Emery D. and Zorn, Benjamin G. and McKinley, Kathryn S.},
 title = {Composing high-performance memory allocators},
 booktitle = {Proceedings of the ACM SIGPLAN 2001 conference on Programming language design and implementation},
 series = {PLDI '01},
 year = {2001},
 isbn = {1-58113-414-2},
 location = {Snowbird, Utah, United States},
 pages = {114--124},
 numpages = {11},
 url = {http://doi.acm.org/10.1145/378795.378821},
 doi = {http://doi.acm.org/10.1145/378795.378821},
 acmid = {378821},
 publisher = {ACM},
 address = {New York, NY, USA},
}

@inproceedings{Scheurich:1987:CMO:30350.30377,
 author = {Scheurich, C. and Dubois, M.},
 title = {Correct memory operation of cache-based multiprocessors},
 booktitle = {Proceedings of the 14th annual international symposium on Computer architecture},
 series = {ISCA '87},
 year = {1987},
 isbn = {0-8186-0776-9},
 location = {Pittsburgh, Pennsylvania, United States},
 pages = {234--243},
 numpages = {10},
 url = {http://doi.acm.org/10.1145/30350.30377},
 doi = {http://doi.acm.org/10.1145/30350.30377},
 acmid = {30377},
 publisher = {ACM},
 address = {New York, NY, USA},
}

@article{Dubois:1986:MAB:17356.17406,
 author = {Dubois, M. and Scheurich, C. and Briggs, F.},
 title = {Memory access buffering in multiprocessors},
 journal = {SIGARCH Comput. Archit. News},
 volume = {14},
 issue = {2},
 month = {May},
 year = {1986},
 issn = {0163-5964},
 pages = {434--442},
 numpages = {9},
 url = {http://doi.acm.org/10.1145/17356.17406},
 doi = {http://doi.acm.org/10.1145/17356.17406},
 acmid = {17406},
 publisher = {ACM},
 address = {New York, NY, USA},
}

@inproceedings{Scales:1997:TTE:268998.266673,
 author = {Scales, Daniel J. and Gharachorloo, Kourosh},
 title = {Towards transparent and efficient software distributed shared memory},
 booktitle = {Proceedings of the sixteenth ACM symposium on Operating systems principles},
 series = {SOSP '97},
 year = {1997},
 isbn = {0-89791-916-5},
 location = {Saint Malo, France},
 pages = {157--169},
 numpages = {13},
 url = {http://doi.acm.org/10.1145/268998.266673},
 doi = {http://doi.acm.org/10.1145/268998.266673},
 acmid = {266673},
 publisher = {ACM},
 address = {New York, NY, USA},
} 

@inproceedings{Smaragdakis:2000:MPC:645417.652070,
 author = {Smaragdakis, Yannis and Batory, Don S.},
 title = {Mixin-Based Programming in C++},
 booktitle = {Proceedings of the Second International Symposium on Generative and Component-Based Software Engineering-Revised Papers},
 series = {GCSE '00},
 year = {2001},
 isbn = {3-540-42578-0},
 pages = {163--177},
 numpages = {15},
 url = {http://dl.acm.org/citation.cfm?id=645417.652070},
 acmid = {652070},
 publisher = {Springer-Verlag},
 address = {London, UK},
}
%
% Special (NOT ON ACM BINDER)
%


@misc{Dyninst:2011:Online,
  author = {Barton Miller, Jeff Hollingsworth},
  title = {DyninstAPI Offical type {@ONLINE}},
  month = jun,
  year = {2011},
  url = {http://www.test.org/doe/}
}

@manual{ParseAPI:2011:Online,
  author = {Barton Miller, Jeff Hollingsworth},
  title = {ParseAPI Programmers Manual},
  publisher = {Paradyn},
  organization = {Paradyn}
}

@manual{SymtabAPI:2011:Online,
  author = {Barton Miller, Jeff Hollingsworth},
  title = {SymtabAPI Programmers Manual},
  publisher = {Paradyn},
  organization = {Paradyn}
}

@manual{InstructionAPI:2011:Online,
  author = {Barton Miller, Jeff Hollingsworth},
  title = {InstructionAPI Programmers Manual},
  publisher = {Paradyn},
  organization = {Paradyn}
}

@manual{StackwalkerAPI:2011:Online,
  author = {Barton Miller, Jeff Hollingsworth},
  title = {StackwalkerAPI Programmers Manual},
  publisher = {Paradyn},
  organization = {Paradyn}
}

@manual{DynC:2011:Online,
  author = {Barton Miller, Jeff Hollingsworth},
  title = {DynC Programmers Manual},
  publisher = {Paradyn},
  organization = {Paradyn}
}

@manual{ProcControlAPI:2011:Online,
  author = {Barton Miller, Jeff Hollingsworth},
  title = {ProcControlAPI Programmers Manual},
  publisher = {Paradyn},
  organization = {Paradyn}
}

@manual{ELF:2011:Online,
  author = {Barton Miller, Jeff Hollingsworth},
  title = {Portable Formats Specification Version 1.1},
  publisher = {Tools Interface Standards (TIS)},
  organization = {Tools Interface Standards (TIS)}
}


@inproceedings{Goodman:1989:53705,
 author = {Goodman, James},
 title = {Cache Consistency and Sequential Consistency},
 booktitle = {IEEE Scalable Coherent Interface (SCI) Working Group},
 year = {1989}
}

@inproceedings{Smithson:2010:93274,
 author = {Matthew Smithson, Kapil Anand, Aparna Kotha},
 title = {Binary Rewriting without Relocation Information},
 booktitle = {Technical Report, University of Maryland, November 2010},
 year = {2010}
}

@phdthesis{Berger:2002:MMH:997313,
 author = {Berger, Emery David},
 title = {Memory management for high-performance applications},
 year = {2002},
 note = {AAI3108460},
 publisher = {The University of Texas at Austin},
}

@inproceedings{VanHilst:1996:UCT:646898.710025,
 author = {VanHilst, Michael and Notkin, David},
 title = {Using C++ Templates to Implement Role-Based Designs},
 booktitle = {Proceedings of the Second JSSST International Symposium on Object Technologies for Advanced Software},
 year = {1996},
 isbn = {3-540-60954-7},
 pages = {22--37},
 numpages = {16},
 url = {http://dl.acm.org/citation.cfm?id=646898.710025},
 acmid = {710025},
 publisher = {Springer-Verlag},
 address = {London, UK},
}