% See http://en.wikipedia.org/wiki/BibTeX for format

@misc{hoard,
  author={Emery D. Burger and Kathryn S. McKinley and Robert D. Blumofe and Paul R. Wilson},
  title={Hoard: A Scalable Memory Allocator for Multithreaded Applications}
}

@misc{heaplayers,
  author={Emery D. Burger and Benjamin G. Zorn and Kathryn S. McKinley},
  title={Composing High-Performance Memory Allocators},
}

@misc{treadmarks,
  author={Pete Keleher and Alan L. Cox and Sandhya Dwarkadas and Willy Zwaenepoel},
  title={TreadMarks: Distributed Shared Memory on Standard Workstations and Operating Systems}
}

@misc{memory_coherence,
  author={Kai Li and Paul Hudak},
  title={Memory Coherence in Shared Virtual Memory Systems}
}
